@inproceedings{clawson2008automatic,
  title={Automatic whiteout++: correcting mini-QWERTY typing errors using keypress timing},
  author={Clawson, James and Lyons, Kent and Rudnick, Alex and Iannucci Jr, Robert A and Starner, Thad},
  booktitle={Proceedings of the SIGCHI Conference on Human Factors in Computing Systems},
  pages={573--582},
  year={2008},
  organization={ACM}
}
@article{clawson2006mobile,
  title={Mobile text entry: An empirical study and analysis of mini--qwerty keyboards},
  author={Clawson, JAMES and Lyons, Kent and Clarkson, Edward and Starner, Thad},
  journal={Submitted to the Transaction on Computer Human Interaction Journal},
  year={2006}
}
@article{soukoreff2004towards,
  title={Towards a standard for pointing device evaluation, perspectives on 27 years of Fittsâ€™ law research in HCI},
  author={Soukoreff, R William and MacKenzie, I Scott},
  journal={International journal of human-computer studies},
  volume={61},
  number={6},
  pages={751--789},
  year={2004},
  publisher={Elsevier}
}